<?xml version="1.0" encoding="UTF-8"?><collection xmlns="http://www.loc.gov/MARC21/slim"><record><leader>00416nam--2200157-i-4500</leader><controlfield tag="001">000011444</controlfield><controlfield tag="002">20161230</controlfield><controlfield tag="005">20170127145446</controlfield><controlfield tag="008">060222s1000------------r-----000-0-eng-d</controlfield><datafield ind1=" " ind2=" " tag="080"><subfield code="a">541.1(082.1)</subfield></datafield><datafield ind1=" " ind2=" " tag="245"><subfield code="a">Advances in chemical physics</subfield></datafield><datafield ind1=" " ind2=" " tag="260"><subfield code="a">New York</subfield><subfield code="b">Interscience Publishers</subfield><subfield code="c">1958-</subfield></datafield><datafield ind1=" " ind2=" " tag="490"><subfield code="a">Advances In Chemical Phisycs</subfield></datafield><datafield ind1=" " ind2=" " tag="700"><subfield code="a">Rice, Stuart A</subfield></datafield><datafield ind1=" " ind2=" " tag="852"><subfield code="a">13631</subfield></datafield><datafield ind1=" " ind2=" " tag="CAT"><subfield code="a">SYS</subfield><subfield code="c">20170127</subfield><subfield code="h">145446</subfield></datafield></record></collection>